@article{article,
  author  = {Gouthaman KG}, 
  title   = {The title of the work},
  journal = {The name of the journal},
  year    = 1993,
  number  = 2,
  pages   = {201-213},
  month   = 7,
  note    = {An optional note}, 
  volume  = 4
}

@misc{theriault,
author = {Theriault, Christian and Pérez-Gay Juárez, Fernanda and Rivas, Daniel and Harnad, Stevan},
year = {2018},
month = {05},
figure = {4}
pages = {},
title = {Learning-induced categorical perception in a neural network model}
}
@inbook{inbook,
  author       = {Gouthaman KG}, 
  title        = {The title of the work},
  chapter      = 8,
  pages        = {201-213},
  publisher    = {The name of the publisher},
  year         = 1993,
  volume       = 4,
  series       = 5,
  address      = {The address of the publisher},
  edition      = 3,
  month        = 7,
  note         = {An optional note}
}

@book{book,
  author    = {Gouthaman KG}, 
  title     = {The title of the work},
  publisher = {The name of the publisher},
  year      = 1993,
  volume    = 4,
  series    = 10,
  address   = {The address},
  edition   = 3,
  month     = 7,
  note      = {An optional note},
  isbn      = {3257227892}
}
