% LDA references 
@article{Yu2001ADL,
  title={A {Direct LDA Algorithm for High-Dimensional Data - with
Application to Face Recognition}},
  author={H. Yu and J. Yang},
  journal={Pattern Recognition},
  year={2001},
  volume={34},
  pages={2067-2070}
}

@article{fisher,
title={The {Use of Multiple Measurements in Taxonomic Problems}},
author={R.A. Fisher},
journal={Annals of Eugenics},
year={1936},
volume={7},
number={2},
pages={179-188}
}

@book{bishop2006pattern,
  title={Pattern Recognition and Machine Learning},
  author={Bishop, C. M.},
  year={2006},
  publisher={Springer}
}

@misc{starclass,
   title={Star {Dataset to Predict Star Types}},
   author={D. Baidya},
   year={2019},
   howpublished={\url{https://www.kaggle.com/deepu1109/star-dataset}},
   note={Accessed: 10/29/20}
}

@article{kermanyetal2018,
    title={Identifying {Medical Diagnoses and Treatable Diseases by Image-Based Deep Learning}}, 
    volume={172}, DOI={10.1016/j.cell.2018.02.010}, number={5}, 
    journal={Cell}, 
    author={D. S. Kermany et al.}, 
    year={2018}, 
    month={Feb}, 
    pages={1122â€“1131}
} 

@book{friedman2001elements,
  title={The Elements of Statistical Learning},
  author={Friedman, J. and Hastie, T. and Tibshirani, R.},
  volume={1(10)},
  year={2013},
  publisher={Springer series in statistics New York}
}

@book{james2013introduction,
  title={An Introduction to Statistical Learning},
  author={James, G. and Witten, D. and Hastie, T. and Tibshirani, R.},
  volume={112},
  year={2013},
  publisher={Springer}
}

@book{trefethen1997numerical,
  title={Numerical Linear Algebra},
  author={Trefethen, L. N. and Bau III, D.},
  volume={50},
  year={1997},
  publisher={Siam}
}


@misc{xiao2017/online,
  author       = {{H. Xiao, K. Rasul, and R. Vollgraf}},
  title        = {Fashion-{MNIST: a Novel Image Dataset for Benchmarking Machine Learning Algorithms}},
  date         = {2017-08-28},
  year         = {2017},
  eprintclass  = {cs.LG},
  eprinttype   = {arXiv},
  eprint       = {cs.LG/1708.07747},
}

@misc{FlowersRecognition,
  author = {A. Mamaev}, 
  title = {{Flowers Recognition}},
  howpublished = {\url{https://www.kaggle.com/alxmamaev/flowers-recognition}},
  note = {Accessed: 2020-10-29}
}

